<record xmlns="http://www.loc.gov/MARC21/slim" xmlns:xsi="http://www.w3.org/2001/XMLSchema-instance" xsi:schemaLocation="http://www.loc.gov/MARC21/slim http://www.loc.gov/standards/marcxml/schema/MARC21slim.xsd"><leader>00496nz   2200145n  4500</leader><controlfield tag="001">oca04204769 </controlfield><controlfield tag="005">19961109051549.3</controlfield><controlfield tag="008">960809n| acannaab|          |a aaa     c</controlfield><datafield ind1=" " ind2=" " tag="010"><subfield code="a">nr 96029320 </subfield></datafield><datafield ind1=" " ind2=" " tag="040"><subfield code="a">UPB</subfield><subfield code="c">UPB</subfield></datafield><datafield ind1="0" ind2=" " tag="100"><subfield code="a">Emporius,</subfield><subfield code="c">Orator</subfield></datafield><datafield ind1="0" ind2=" " tag="400"><subfield code="a">Emporius,</subfield><subfield code="c">Rhetor</subfield></datafield><datafield ind1=" " ind2=" " tag="670"><subfield code="a">Veterum aliquot de arte rhetorica traditiones, 1521:</subfield><subfield code="b">t.p. verso (Emporij Rhetoris)</subfield></datafield><datafield ind1=" " ind2=" " tag="670"><subfield code="a">RLIN, 8/9/96</subfield><subfield code="b">(hdg.: Emporius, rhetor)</subfield></datafield><datafield ind1=" " ind2=" " tag="670"><subfield code="a">Pauly-Wissowa, Realencyclopädie:</subfield><subfield code="b">v.5, col. 2535 (Emporius, orator)</subfield></datafield></record>